2237 3730
739 242 921 315 Q
985 245 1015 310 )
1048 258 1088 296 0
1118 244 1160 310 Ε
1215 240 1403 313 &Q

134 379 309 445 tricis,
330 375 565 464 <nuper
585 366 852 441 anobis
883 373 1124 464 arguta
1150 364 1575 440 Elocutione
1599 362 2023 445 adornatam«

137 526 379 581 coram
411 499 839 574 Sereniffimo
870 498 1065 572 Solio
1095 502 1253 571 Tuo
1288 522 1425 594 pro
1461 523 1585 576 eo,
1633 520 1779 594 quo
1809 499 1883 571 in
1906 504 2025 571 TE-

134 638 389 711 sumus,
444 633 920 730 impenfiffimo
969 629 1304 726 obsequio
1349 630 1733 706 humillime
1780 632 2021 705 denuo

135 769 351 853 sistere
380 766 715 862 cogimur.
751 835 759 839 „

145 1049 149 1102 g
216 1101 223 1105 ,
271 1020 550 1112 Capeffe
584 1042 760 1115 ergo
803 1017 1126 1114 lugubres
1165 1020 1370 1093 hasce
1399 1017 1698 1116 pagellas
1731 1041 1840 1095 ea,
1887 1040 2026 1113 qua

134 1175 241 1238 res
288 1154 549 1224 nostras
581 1164 779 1236 (utut
810 1151 1178 1241 minimas)
1225 1152 1559 1248 respicere
1607 1151 1767 1224 alias
1814 1151 2029 1227 soles,

134 1287 420 1380 Augusta
440 1285 861 1357 Clementia:
918 1290 1017 1362 &2
1066 1285 1112 1356 fi
1140 1290 1251 1357 TE
1281 1283 1539 1379 jaelura
1560 1283 2031 1380 Augustissimae

137 1415 373 1488 Matris
422 1422 585 1500 Tuae
639 1417 725 1488 ad
785 1416 1145 1513 planetum
1203 1424 1274 1490 ὅ(
1331 1417 1718 1514 lachrymas
1771 1417 2032 1487 iterato

135 1546 501 1645 pertrahit:
560 1530 963 1632 recordare,
982 1574 1136 1622 eam
1162 1547 1380 1627 fuisse,
1402 1571 1554 1622 non
1576 1548 1802 1621 minus
1824 1572 2036 1650 quam

60 1708 62 1711 ’
138 1681 312 1756 olim
336 1650 904 1770 inlaesis-‘litteris
934 1681 1140 1758 Ruth,
1188 1687 1502 1769 Mulierem
1537 1690 1835 1758 Wrtutz'52
1885 1704 2038 1776 quae

136 1818 247 1886 TE
276 1837 426 1888 non
455 1814 779 1894 deseruit,
828 1815 939 1888 sed
971 1823 1004 1904 ζ
1015 1834 1092 1887 ut
1124 1816 1235 1911 pie
1264 1815 1655 1910 speramus)
1682 1815 1770 1886 ad
1793 1813 2036 1886 melio-

138 1972 289 2020 rem
316 1947 533 2018 Vitam
564 1947 863 2040 praeivit,
913 1967 992 2018 ut
1018 1953 1088 2018 ὃς
1111 1953 1307 2023 ΤΙΒΙ,
1336 1954 1408 2017 ὅ(
1428 1949 1587 2017 Tuis
1612 1945 2039 2033 benedietioss

139 2106 306 2153 nem
354 2079 714 2150 coelestem
762 2089 798 2151 a
827 2086 1015 2151 DEO
1052 2076 1308 2173 jugibus
1341 2077 1656 2172 precibus
1688 2078 2038 2174 impetret.

140 2220 300 2284 Hoc
323 2213 367 2283 fi
392 2211 521 2283 rite
553 2211 1024 2307 perpenderis,
1073 2207 1349 2282 habebis
1376 2236 1532 2282 non
1559 2213 1812 2288 solum,
1842 2212 2042 2305 quod

142 2349 326 2417 TIBI
384 2368 648 2416 amaras
705 2342 1094 2442 lachrymas
1151 2363 1303 2415 tuas
1363 2341 1742 2441 abstergat,
1801 2344 1913 2415 sed
1969 2351 2042 2417 &

22 2485 24 2491 ’
142 2495 480 2572 praeterea
545 2476 858 2548 animum
919 2495 1123 2550 tuum
1197 2473 1548 2547 maximo
1577 2477 2042 2572 undequaque

145 2609 394 2683 solatio
426 2607 817 2705 perfundat.

283 2859 455 2923 Non
486 2846 907 2924 intendimus
938 2849 1073 2945 jam
1106 2849 1195 2924 de
1231 2868 1349 2923 tot
1379 2848 1752 2927 beneficiis,
1800 2847 2043 2943 quibus

26 3067 28 3071 y
150 2990 301 3055 Nos
334 2989 404 3055 ὃ(
442 2988 590 3061 TU,
641 2991 712 3058 ὃς
752 2978 1152 3056 Serenissimi
1188 2984 1684 3081 progenitores
1720 2981 1849 3054 Tui
1885 2981 2046 3054 effu-

150 3117 379 3189 sissime
413 3119 897 3194 cumularunt,
951 3114 1103 3190 heic
1151 3094 1506 3213 (quamvis
1543 3119 1742 3189 locus
1782 3138 2045 3211 oppor-

151 3268 359 3323 tunus
406 3248 659 3357 foret)¹
688 3248 1131 3350 mentionem
1179 3247 1443 3356 facere:
1537 3256 1683 3324 Tot
1741 3247 1928 3321 enim
1979 3251 2049 3320 ὃς

1086 3389 1139 3453 Β
1856 3396 2054 3452 tanta
